<?xml version="1.0" encoding="UTF-8"?><collection xmlns="http://www.loc.gov/MARC21/slim"><record><leader>00683nam--2200181-i-4500</leader><controlfield tag="001">000010628</controlfield><controlfield tag="002">20161230</controlfield><controlfield tag="005">20161230201028</controlfield><controlfield tag="008">060222s1000------------r-----000-0-eng-d</controlfield><datafield ind1=" " ind2=" " tag="040"><subfield code="a">IFIN-HH</subfield></datafield><datafield ind1=" " ind2=" " tag="080"><subfield code="a">535-1.08(061.3)</subfield></datafield><datafield ind1="1" ind2=" " tag="110"><subfield code="a">Infrared Information And Analysis Center</subfield></datafield><datafield ind1="1" ind2="0" tag="245"><subfield code="a">Proceedings of the special meeting on unconventional infrared detectors</subfield><subfield code="b">Held at u.s. naval electronics laboratory center san diego, california 16 march 1971. sponsored by the office of naval research arlington, virginia</subfield></datafield><datafield ind1=" " ind2=" " tag="260"><subfield code="a">Ann Arbor, Michigan</subfield><subfield code="b">The University Of Michigan</subfield><subfield code="c">1971</subfield></datafield><datafield ind1=" " ind2=" " tag="300"><subfield code="a">163p</subfield></datafield><datafield ind1=" " ind2=" " tag="490"><subfield code="a">Proceedings</subfield></datafield><datafield ind1=" " ind2=" " tag="852"><subfield code="a">39473</subfield><subfield code="c">535</subfield></datafield><datafield ind1=" " ind2=" " tag="CAT"><subfield code="a">Sys</subfield><subfield code="c">20101104</subfield><subfield code="h">081102</subfield></datafield></record></collection>